@book{pythonmachinelearning,
   author={{Sebastian Raschka}},
   title="Python Machine Learning Essentials",
   year="2015",
   publisher="Packt Publishing"
}

@book{bowles,
  author={{Michael Bowles}},
  title="Machine Learning in Python: Essential Techniques for Predictive Analysis",
  year="2015",
  publisher="Wiley"
}

@book{downey,
 author={{Allen Downey}},
 title="Think Stats",
 year="2014",
 publisher="O'Reilly Media"
}

@misc{deeplearning,
 author={{Michael Nielsen}},
 title="Neural Networks and Deep Learning",
 year="Jan 2016 (accessed 25 Jan 2016)",
 howpublished={\url{http://neuralnetworksanddeeplearning.com/}},
}

@misc{kob4,
 author={{Kai Porter, KOB Eyewitness News 4}},
 title="Study links higher elevation with lower lung cancer risk",
 year="26 Jan 2016 (accessed 27 Jan 2016)",
 howpublished={\url{http://www.kob.com/article/stories/s4029233.shtml#.VqlUafkrJhF}},
}